% Encoding: UTF-8

@Article{Rabin:2000,
  author  = {Matthew Rabin},
  journal = {Econometrica},
  title   = {Risk Aversion and Expected-Utility Theory: A Calibration Theorem},
  year    = {2000},
  month   = sep,
  number  = {5},
  pages   = {1281-92},
  volume  = {68},
  url     = {https://www.jstor.org/stable/2999450},
}

@Comment{jabref-meta: databaseType:bibtex;}
